@string{nup="Nucl. Phys."}
@string{physrev="Phys. Rev."}
@string{physrevlett="Phys. Rev. Lett."}
@string{physlett="Phys. Lett."}
@string{physrep="Phys. Reports."}
@string{revmodphys="Rev. Mod. Phys."}
@string{proefschrift="Ph.D. thesis"}

@book{CEK87,
    title   = {Giant Resonances in Atoms, Molecules and Solids},
    year    = {1987},
    editor  = {J. P. Connerade and J. M. Esteva and R. C. Kernatak},
    publisher = {Plenum Press},
    address = {New York}
}


@book{AGD63,
    author  = {A. A.  Abrikosov and L. P. Gorkov and I. E. Dzyaloshinski},
    title   = {Methods of quantum field theory in statistical physics},
    year    = {1963},
    publisher = {Dover},
    address = {New York}
}


@article{ALV85,
    author  = {S. Adachi and E. Lipparini and N. Van Giai},
    journal = nup,
    year    = {1985},
    volume  = {A438},
    pages   = {1}
}


@article{Ajz1112,
    author  = {F. Ajzenberg-Selove},
    journal = nup,
    year    = {1990},
    volume  = {A506},
    pages   = {1}
}


@article{Ajz1315,
    author  = {F. Ajzenberg-Selove},
    journal = nup,
    year    = {1991},
    volume  = {A523},
    pages   = {1}
}


@article{Ajz1617,
    author  = {F. Ajzenberg-Selove},
    journal = nup,
    year    = {1986},
    volume  = {A460},
    pages   = {1}
}


@article{Ajz1820,
    author  = {F. Ajzenberg-Selove},
    journal = nup,
    year    = {1987},
    volume  = {A475},
    pages   = {1}
}


@article{ABBS88,
    author  = {K. Allaart and E. Boeker and G. Bonsignori and M. Savoia and Y. K. Gambhir},
    journal = physrep,
    year    = {1988},
    volume  = {169},
    number  = {4},
    pages   = {209}
}


@article{AEG93,
    author  = {K. Allaart and P. J. Ellis and W. J. W. Geurts and Jifa Hao and
     T. T. S. Kuo and G. A. Rijsdijk},
    journal = physrev,
    year    = {1993},
    volume  = {C47},
    pages   = {895}
}


@article{ACB85,
    author  = {B. D. Anderson and T. Chittrakarn and A. R. Baldwin and 
     C. Lebo and R. Madey and R. J. McCarthy and J. W. Watson and B. A. Brown 
     and C. C. Foster},
    journal = physrev,
    year    = {1985},
    volume  = {C31},
    pages   = {1161}
}


@article{AK83,
    author  = {N. Auerbach and A. Klein},
    journal = nup,
    year    = {1983},
    volume  = {A395},
    pages   = {77}
}


@article{AK84,
    author  = {N. Auerbach and A. Klein},
    journal = physrev,
    year    = {1984},
    volume  = {C30},
    pages   = {1032}
}


@article{BRG80,
    author  = {D. E. Bainum and J. Rapaport and C. D. Goodman and D. J. Horen 
     and C. C. Foster and M. B. Greenfield and C. A. Goulding},
    journal = physrevlett,
    year    = {1980},
    volume  = {44},
    pages   = {1751}
}


@article{Ba60,
    author  = {M. Baranger},
    journal = physrev,
    year    = {1960},
    volume  = {120},
    pages   = {957}
}


@article{BCS57,
    author  = {J. Bardeen and L. Cooper and J. R. Schrieffer},
    journal = physrev,
    year    = {1957},
    volume  = {108},
    pages   = {1175}
}


@article{BK73,
    author  = {Br. R. Barrett and M. W. Kirson},
    journal = {Adv. Nucl. Phys.},
    year    = {1973},
    volume  = {6},
    pages   = {219}
}


@article{Ba62,
    author  = {G. Baym},
    journal = physrev,
    year    = {1962},
    volume  = {127},
    pages   = {1391}
}


@article{BK61,
    author  = {G. Baym and L. P. Kadanoff},
    journal = physrev,
    year    = {1961},
    volume  = {124},
    pages   = {287}
}


@article{BCL86,
    author  = {O. Benhar and C. {Ciofi degli Atti} and S. Lutti and G. Salm\'e},
    journal = physlett,
    year    = {1986},
    volume  = {B177},
    pages   = {135}
}


@article{BFF89,
    author  = {O. Benhar and A. Fabrocini and S. Fantoni},
    journal = nup,
    year    = {1989},
    volume  = {A505},
    pages   = {267}
}


@article{BFF90,
    author  = {O. Benhar and A. Fabrocini and S. Fantoni},
    journal = physrev,
    year    = {1990},
    volume  = {C41},
    pages   = {R24}
}


@article{BFF92,
    author  = {O. Benhar and A. Fabrocini and S. Fantoni},
    journal = nup,
    year    = {1992},
    volume  = {A550},
    pages   = {201}
}


@article{BFF94,
    author  = {O. Benhar and A. Fabrocini and S. Fantoni and I. Sick},
    journal = nup,
    year    = {1994},
    volume  = {A579},
    pages   = {493}
}


@article{BCT81,
    author  = {G. F. Bertsch and D. Cha and H. Toki},
    journal = physrev,
    year    = {1981},
    volume  = {C24},
    pages   = {533}
}


@article{BH82,
    author  = {G. F. Bertsch and I. Hamamoto},
    journal = physrev,
    year    = {1982},
    volume  = {C26},
    pages   = {1323}
}


@article{BG57,
    author  = {H. A. Bethe and J. Goldstone},
    journal = {Proc. Roy. Soc.},
    year    = {1957},
    volume  = {A238},
    pages   = {551}
}


@misc{BlokPrive,
    author  = {H. P. Blok},
    title   = {Private Communication},
    year    = {1995}
}


@article{BMB87,
    author  = {S. D. Bloom and G. J. Mathews and J. A. Becker},
    journal = {Can. J. Phys.},
    year    = {1987},
    volume  = {65},
    pages   = {684}
}


@book{BM75,
    author  = {A. Bohr and B. R. Mottelson},
    title   = {Nuclear Structure},
    year    = {1975},
    publisher = {W. A. Benjamin, Inc.},
    address = {Massachusetts},
    volume  = {2},
    pages   = {412}
}


@article{BM81,
    author  = {A. Bohr and B. R. Mottelson},
    journal = physlett,
    year    = {1981},
    volume  = {B100},
    pages   = {10}
}


@article{Bos94,
    author  = {M. C. Bosc\'a},
    journal = nup,
    year    = {1994},
    volume  = {A567},
    pages   = {329}
}


@book{Br90,
    author  = {M. G. E. Brand},
    title   = proefschrift,
    year    = {1990},
    publisher = {Vrije universiteit},
    address = {Amsterdam}
}


@article{BAD90,
    author  = {M. G. E. Brand and K. Allaart and W. H. Dickhoff},
    journal = nup,
    year    = {1990},
    volume  = {A509},
    pages   = {1}
}


@article{BRM91,
    author  = {M. G. E. Brand and G. A. Rijsdijk and F. A. Muller and K. Allaart 
     and W. H. Dickhoff},
    journal = nup,
    year    = {1991},
    volume  = {A 531},
    pages   = {253}
}


@article{Br67a,
    author  = {B. H. Brandow},
    journal = revmodphys,
    year    = {1967},
    volume  = {39},
    pages   = {771}
}


@article{BJB71,
    author  = {B. H. Brandow and M. B. Johnson and M. Baranger},
    journal = {Ann. of Phys.},
    year    = {1971},
    volume  = {62},
    pages   = {65}
}


@phdthesis{benno94,
    author  = {Benno van den Brink},
    title   = {De wasewietjes van wasewietjeland.},
    year    = {1994},
    school  = {Vrije Universiteit}
}


@book{MB60,
    author  = {T. A. Brody and M. Moshinsky},
    title   = {Tables of transformation brackets: for nuclear shell-model calculations},
    year    = {1960},
    publisher = {Universidad Nacional Autonoma de Mexico}
}


@article{BHR73,
    author  = {R. A. Broglia and O. Hansen and C. Riedel},
    journal = {Adv. Nucl. Phys.},
    year    = {1973},
    volume  = {6},
    pages   = {287}
}


@article{BB59,
    author  = {G. E. Brown and M. Bolsterli},
    journal = physrevlett,
    year    = {1959},
    volume  = {3},
    pages   = {472}
}


@article{BGW58,
    author  = {K. A. Brueckner and J. L. Gammel and H. Weitzner},
    journal = physrev,
    year    = {1958},
    volume  = {110},
    pages   = {431}
}


@article{BLR61,
    author  = {K. A. Brueckner and A. M. Lockett  and A. M. Rotenberg},
    journal = physrev,
    year    = {1961},
    volume  = {121},
    pages   = {255}
}


@book{BG77,
    author  = {P. J. Brussaard and P. W. M. Glaudemans},
    title   = {Shell-Model Applications in Nuclear Spectroscopy},
    year    = {1977},
    publisher = {North-Holland},
    address = {Amsterdam}
}


@article{CFF94,
    author  = {G. C\'o and A. Fabrocini and S. Fantoni},
    journal = nup,
    year    = {1994},
    volume  = {A568},
    pages   = {73}
}


@article{CFFL92,
    author  = {G. C\'o and A. Fabrocini and S. Fantoni and I. E. Lagaris},
    journal = nup,
    year    = {1992},
    volume  = {A549},
    pages   = {439}
}


@article{CPS95,
    author  = {E. Caurier and A. Poves and A. P. Zuker},
    journal = physrevlett,
    year    = {1995},
    volume  = {74},
    pages   = {1517}
}


@article{CZPM94,
    author  = {E. Caurier and A. P. Zucker and A. Poves and G. Martinez-Pindo},
    journal = physrev,
    year    = {1994},
    volume  = {C50},
    pages   = {225}
}


@article{CAB86,
    author  = {T. Chittrakarn and B. D. Anderson and A. R. Baldwin and 
     C. Lebo and R. Madey and J. W. Watson and C. C. Foster},
    journal = physrev,
    year    = {1986},
    volume  = {C34},
    pages   = {80}
}


@inbook{Cl81,
    author  = {J. W. Clark},
    title   = {The many-body problem, Jastrow correlations versus Brueckner theory},
    year    = {1981},
    editor  = {R. Guardiola and J. Ros},
    volume  = {138},
    pages   = {184},
    series  = {Lecture Notes in Physics {\rm eds. R. Guardiola and J. Ros}}
}


@article{CAH92,
    author  = {J. P. Connelly and D. J. De Angelis and J. H. Heisenberg and 
     F. W. Hersman and W. Kim and M. Leuschner and T. E Milliman and 
     J. Wise and C. N Papanicolas},
    journal = physrev,
    year    = {1992},
    volume  = {C45},
    pages   = {2711}
}


@article{Di83,
    author  = {W. H. Dickhoff},
    journal = nup,
    year    = {1983},
    volume  = {A399},
    pages   = {287}
}


@article{DGP75,
    author  = {R. R. Doering and A. Galonsky and D. M. Patterson and G. F. Bertsch},
    journal = physrevlett,
    year    = {1975},
    volume  = {35},
    pages   = {1691}
}


@book{Ed57,
    author  = {A. R. Edmonds},
    title   = {Angular Momentum in Quantum Mechanics},
    year    = {1957},
    publisher = {Princeton University Press}
}


@book{EG72,
    author  = {J. M. Eisenberg and W. Greiner},
    title   = {Nuclear Theory},
    year    = {1972},
    publisher = {North Holland},
    address = {Amsterdam}
}


@article{Ej83,
    author  = {H. Ejiri},
    journal = nup,
    year    = {1983},
    volume  = {A396},
    pages   = {181c}
}


@article{EF78,
    author  = {H. Ejiri and J. I. Fujita},
    journal = physrep,
    year    = {1978},
    volume  = {38},
    pages   = {85}
}


@article{EIF68,
    author  = {H.  Ejiri and K. Ikeda and J. I. Fujita},
    journal = physrev,
    year    = {1968},
    volume  = {176},
    pages   = {1277}
}


@article{EO77,
    author  = {P. J. Ellis and E. Osnes},
    journal = revmodphys,
    year    = {1977},
    volume  = {49},
    pages   = {777}
}


@article{EAL86,
    author  = {A. Erell and J. Alster and J. Lichtenstadt and M. A. Moinester 
     and J. D. Bowman and M. D. Cooper and F. Irom and H. S. Matis and 
     E. Piasetzky and U. Sennhauser},
    journal = physrev,
    year    = {1986},
    volume  = {C34},
    pages   = {1822}
}


@article{FP88,
    author  = {S. Fantoni and V. R. Pandharipande},
    journal = physrev,
    year    = {1988},
    volume  = {C37},
    pages   = {1988}
}


@book{FW71,
    author  = {A. L. Fetter and J. D. Walecka},
    title   = {Quantum theory of many particle physics},
    year    = {1971},
    publisher = {McGraw-Hill},
    address = {New York}
}


@article{FHC71,
    author  = {D. G. Fleming and J. C. Hardy and J. Cerny},
    journal = nup,
    year    = {1971},
    volume  = {A162},
    pages   = {225}
}


@article{Fo30,
    author  = {V. A. Fock},
    journal = {Z. Phys.},
    year    = {1930},
    volume  = {61},
    pages   = {126}
}


@article{FM94,
    author  = {R. Fritz and H. M\"uther},
    journal = physrev,
    year    = {1994},
    volume  = {C49},
    pages   = {633}
}


@article{FM84,
    author  = {S. Frullani and  J. Mougey},
    journal = {Adv. Nucl. Phys.},
    year    = {1984},
    volume  = {14},
    pages   = {1}
}


@article{Ga83,
    author  = {C. Gaarde},
    journal = nup,
    year    = {1983},
    volume  = {A396},
    pages   = {127c}
}


@article{Ga90,
    author  = {C. Gaarde},
    journal = nup,
    year    = {1990},
    volume  = {A507},
    pages   = {79c}
}


@article{GLH80,
    author  = {C. Gaarde and J. S. Larsen and M. N. Harakeh and 
     S. Y. van der Werf and M. Igarashi and A. M{\"u}ller-Arnke},
    journal = nup,
    year    = {1980},
    volume  = {A334},
    pages   = {248}
}


@article{GRT81,
    author  = {C. Gaarde and J. Rapaport and T. N. Taddeucci and 
     C. D. Goodman and C. C. Foster and D. E. Bainum and C. A. Goulding and 
     M. B. Greenfield and D. J. Horen and E. Sugarbaker},
    journal = nup,
    year    = {1981},
    volume  = {A369},
    pages   = {258}
}


@article{GDPR95,
    author  = {C. C. Gearhart and W. H. Dickhoff and A. Polls and A. Ramos},
    journal = {in preparation}
}


@book{GeTBP,
    author  = {W. J. W. Geurts},
    title   = {to be published}
}


@article{GAD94,
    author  = {W. J. W. Geurts and K. Allaart and W. H. Dickhoff},
    journal = physrev,
    year    = {1994},
    volume  = {C50},
    pages   = {514}
}


@article{GP91,
    author  = {C. Giusti and F. D. Pacati},
    journal = nup,
    year    = {1991},
    volume  = {A535},
    pages   = {573}
}


@article{GP92,
    author  = {C. Giusti and F. D. Pacati},
    journal = nup,
    year    = {1992},
    volume  = {A546},
    pages   = {607}
}


@article{GP94,
    author  = {C. Giusti and F. D. Pacati},
    journal = nup,
    year    = {1994},
    volume  = {A571},
    pages   = {694}
}


@article{GP95,
    author  = {C. Giusti and F. D. Pacati},
    journal = nup,
    year    = {1995},
    volume  = {A585},
    pages   = {618}
}


@article{GRS68,
    author  = {M. Gmitro and A. Rimini and J. Sawicki and T. Weber},
    journal = physrev,
    year    = {1968},
    volume  = {173},
    pages   = {964}
}


@article{GGG80,
    author  = {C. D. Goodman and C. A. Goulding and B. Greenfield and 
     J. Rapaport and D. E. Bainum and C. C. Foster and W. G. Love and
     F. Petrovich},
    journal = physrevlett,
    year    = {1980},
    volume  = {44},
    pages   = {1755}
}


@article{Ha23,
    author  = {D. R. Hartree},
    journal = {Proc. Camb. Phil. Soc.},
    year    = {1923},
    volume  = {24},
    pages   = {89}
}


@book{Hen86,
    author  = {W. Hengeveld},
    title   = proefschrift,
    year    = {1986},
    publisher = {Vrije universiteit},
    address = {Amsterdam}
}


@article{HDA86,
    author  = {W. Hengeveld and W. H. Dickhoff and K. Allaart},
    journal = nup,
    year    = {1986},
    volume  = {A451},
    pages   = {269}
}


@article{HBJ88,
    author  = {J. W. A. den Herder and H. P. Blok and E. Jans and P. H. M. Keizer 
     and L. Lapik\'as and E. N. M. Quint and G. van der Steenhoven and
     P. K. A. de Witt-Huberts},
    journal = nup,
    year    = {1988},
    volume  = {A490},
    pages   = {507}
}


@article{Prop,
    author  = {W. H. A. Hesselink and E. Jans},
    journal = {NIKHEF-K electron scattering proposal},
    year    = {1994},
    volume  = {94-1}
}


@article{HEA72,
    author  = {K. Holinde and K. Erkelenz and R. Alzetta},
    journal = nup,
    year    = {1972},
    volume  = {A194},
    pages   = {161}
}


@article{HGB81,
    author  = {D. J. Horen and C. D. Goodman and D. E. Bainum and C. C. Foster and C. Gaarde and
     C. A. Goulding and M. B. Greenfield and J.  Rapaport and T. N. Taddeucci and
     E. Sugarbaker and T. Masterton and S. M. Austin and A. Galonsky and
     W. Sterrenburg},
    journal = physlett,
    year    = {1981},
    volume  = {B99},
    pages   = {383}
}


@article{IFF63,
    author  = {K. Ikeda and S. Fujii and J. I. Fujita},
    journal = physlett,
    year    = {1963},
    volume  = {3},
    pages   = {271}
}


@article{JS87,
    author  = {A. D. Jackson and R. A. Smith},
    journal = physrev,
    year    = {1987},
    volume  = {A36},
    pages   = {2517}
}


@article{Ja91,
    author  = {K. P. Jackson},
    journal = nup,
    year    = {1991},
    volume  = {A527},
    pages   = {31c}
}


@article{Ja55,
    author  = {R. Jastrow},
    journal = physrev,
    year    = {1955},
    volume  = {98},
    pages   = {1479}
}


@article{JB71,
    author  = {M. B. Johnson and M. Baranger},
    journal = {Ann. Phys.(NY)},
    year    = {1971},
    volume  = {62},
    pages   = {172}
}


@article{KK64,
    author  = {A. Kallio and K. Kolltveit},
    journal = nup,
    year    = {1964},
    volume  = {53},
    pages   = {87}
}


@book{Kes93,
    author  = {L. J. H. M. Kester},
    title   = proefschrift,
    year    = {1993},
    publisher = {NIKHEF},
    address = {Amsterdam}
}


@article{Kes95,
    author  = {L. J. H. M. {Kester~{\em et al.}}},
    journal = physrevlett,
    year    = {1995},
    volume  = {74},
    pages   = {1712}
}


@book{KE88,
    author  = {D. S. Koltun and J. M. Eisenberg},
    title   = {Quantum mechanics of many degrees of freedom},
    year    = {1988},
    publisher = {Wiley},
    address = {New York}
}


@book{Kr90,
    author  = {G. J. Kramer},
    title   = proefschrift,
    year    = {1990},
    publisher = {NIKHEF},
    address = {Amsterdam}
}


@article{Kuo74,
    author  = {T. T. S. Kuo},
    journal = {Ann. Rev. Nucl. Sci.},
    year    = {1974},
    volume  = {24},
    pages   = {101}
}


@article{KB66,
    author  = {T. T. S. Kuo and G. E. Brown},
    journal = nup,
    year    = {1966},
    volume  = {A85},
    pages   = {40}
}


@article{KB68,
    author  = {T. T. S. Kuo and G. E. Brown},
    journal = nup,
    year    = {1968},
    volume  = {A114},
    pages   = {241}
}


@article{KS88,
    author  = {V. A. Kuz'min and V. G. Soloviev},
    journal = nup,
    year    = {1988},
    volume  = {A486},
    pages   = {118}
}


@article{LDR95,
    author  = {K. Langanke and D. J. Dean and P. B. Radha and Y. Alhassid and S. E. Koonin},
    journal = physrev,
    year    = {1995},
    volume  = {C52},
    pages   = {718}
}


@article{La93,
    author  = {L. Lapik\'as},
    journal = nup,
    year    = {1993},
    volume  = {A553},
    pages   = {297c}
}


@article{Leu94,
    author  = {M. Leuschner and J. R. Calarco and F. W. Hersman and E. Jans and G. J. Kramer and L. Lapik\'as and G. van der Steenhoven and P. K. A. de Witt Huberts and H. P. Blok and N. Kalantar-Nayestanaki and J. Friedrich},
    journal = physrev,
    year    = {1994},
    volume  = {C49},
    pages   = {955}
}


@article{LHP79,
    author  = {J. Lichtenstadt and J. Heisenberg and C. N Papanicolas and 
     C. P Sargent and A. N. Courtemanche and J. S. McCarthy},
    journal = physrev,
    year    = {1979},
    volume  = {C20},
    pages   = {497}
}


@article{LAB91,
    author  = {A. Ling and X. Aslanoglou and F. P. Brady and R. W. Finlay and 
     R. C. Haight and C. R. Howell and N. S. P. King and P. W. Lisowski and 
     B. K. Park and J. Rapaport and J. L. Romero and D. S. Sorenson and 
     W. Tornow and J. L. Ullmann},
    journal = physrev,
    year    = {1991},
    volume  = {C44},
    pages   = {2794}
}


@article{Mac74,
    author  = {J. A. Macdonald and J. Cerny and J. C. Hardy and H. L. Harney and A. D. Bacher and G. R. Plattner},
    journal = physrev ,
    year    = {1974},
    volume  = {C9},
    pages   = {1694}
}


@article{Mac86,
    author  = {M. H. Macfarlane},
    journal = physlett,
    year    = {1986},
    volume  = {B182},
    pages   = {265}
}


@article{Ma89,
    author  = {R. Machleidt},
    journal = {Adv. in Nucl. Phys.},
    year    = {1989},
    volume  = {19},
    pages   = {191}
}


@article{MBB85,
    author  = {C. Mahaux and B. F. Bortignon and R. A. Broglia and C. H. Dasso},
    journal = physrep,
    year    = {1985},
    volume  = {120},
    pages   = {1}
}


@article{MN81,
    author  = {C. Mahaux and H. Ngo},
    journal = physlett,
    year    = {1981},
    volume  = {B100},
    pages   = {285}
}


@article{MS89,
    author  = {C. Mahaux and R. Sartor},
    journal = nup,
    year    = {1989},
    volume  = {A503},
    pages   = {525}
}


@article{MS91,
    author  = {C. Mahaux and R. Sartor},
    journal = nup,
    year    = {1991},
    volume  = {A528},
    pages   = {253}
}


@article{MKT94,
    author  = {A. Mariano and F. Krmpoti\'c and A. F. R. {de Toledo Piza}},
    journal = physrev,
    year    = {1994},
    volume  = {C49},
    pages   = {2824}
}


@article{MS59,
    author  = {P. C. Martin and J. Schwinger},
    journal = physrev,
    year    = {1959},
    volume  = {115},
    pages   = {1342}
}


@article{Ma72,
    author  = {G. F. Mazenko},
    journal = physrev,
    year    = {1972},
    volume  = {A6},
    pages   = {2545}
}


@book{Mi67,
    author  = {A. B. Migdal},
    title   = {Theory of finite Fermi systems and applications to atomic nuclei},
    year    = {1967},
    publisher = {Wiley},
    address = {New York}
}


@article{Mu86,
    author  = {P. J. Mulders},
    journal = nup,
    year    = {1986},
    volume  = {A459},
    pages   = {525}
}


@misc{MuPrive94,
    author  = {H. M\"uther},
    title   = {Private Communication},
    year    = {1994}
}


@misc{MuPrive95,
    author  = {H. M\"uther},
    title   = {Private Communication},
    year    = {1995}
}


@article{MD94,
    author  = {H. M\"uther and W. H. Dickhoff},
    journal = physrev,
    year    = {1994},
    volume  = {C49},
    pages   = {R17}
}


@article{MMB90,
    author  = {H. M\"uther and R. Machleidt and R. Brockmann},
    journal = physrev,
    year    = {1990},
    volume  = {C42},
    pages   = {1981}
}


@article{MPD95,
    author  = {H. M\"uther and A. Polls and W. H. Dickhoff},
    journal = physrev,
    year    = {1995},
    volume  = {C51},
    pages   = {3040}
}


@article{MPK85,
    author  = {H. M\"uther and A. Polls and T. T. S. Kuo},
    journal = nup,
    year    = {1985},
    volume  = {A435},
    pages   = {548}
}


@inbook{MS93a,
    author  = {H. M\"uther and P. U. Sauer},
    title   = {G-Matrix in Finite Nuclei},
    year    = {1993},
    publisher = {Springer},
    series  = {Computational Nuclear Physics (eds. K.-H. Langanke, J.A. Maruhn and S.E. Koonin)}
}


@book{MS93b,
    author  = {H. M\"uther and P. U. Sauer},
    title   = {G-Matrix in Finite Nuclei},
    year    = {1993},
    editor  = {Langane and Maruhn and Koonin},
    publisher = {Springer},
    series  = {Computational Nuclear Physics}
}


@article{MS93,
    author  = {H. M\"uther and L. D. Skouras},
    journal = nup,
    year    = {1993},
    volume  = {A555},
    pages   = {541}
}


@article{NDG95,
    author  = {D. van Neck and A. E. L. Dieperink and E. {Moya~de~Guerra}},
    journal = physrev,
    year    = {1995},
    volume  = {C51},
    pages   = {1800}
}


@article{NWR91,
    author  = {D. van Neck and M. Waroquier and J. Ryckebusch},
    journal = nup,
    year    = {1991},
    volume  = {A530},
    pages   = {347}
}


@article{NWS92,
    author  = {D. van Neck and M. Waroquier and V. van der Sluys and J. Ryckebusch},
    journal = physlett,
    year    = {1992},
    volume  = {B274},
    pages   = {143}
}


@article{NDW88,
    author  = {S. Nishizaki and S. Dro\.zd\.z and J. Wambach and J. Speth},
    journal = physlett,
    year    = {1988},
    volume  = {B215},
    pages   = {231}
}


@article{OMY56,
    author  = {T. Omhura and N. Morita and M. Yamada},
    journal = {Prog. Theor. Phys.},
    year    = {1956},
    volume  = {15},
    pages   = {222}
}


@article{OKS82,
    author  = {F. Osterfeld and S. Krewald and J. Speth and T. Suzuki},
    journal = physrevlett,
    year    = {1982},
    volume  = {49},
    pages   = {11}
}


@article{PRU92,
    author  = {B. K. Park and J. Rapaport and J. L. Ullmann and A. G. Ling and 
     D. S. Sorenson and F. P. Brady and J. L. Romero and C. R. Howell and 
     W. Tornow and C. T. R{\"o}nnqvist},
    journal = physrev,
    year    = {1992},
    volume  = {C45},
    pages   = {1791}
}


@article{PWP92,
    author  = {S. C. Pieper and R. B. Wiringa and V. R. Pandharipande},
    journal = physrev,
    year    = {1992},
    volume  = {C46},
    pages   = {1741}
}


@article{PHH91,
    author  = {B. W. Pointon and O. H{\"a}usser and R. Henderson and 
     A. Celler and K. Hicks and K. P Jackson and B. Larson and 
     J. Mildenberger and A. Trudel and M. Vetterli and S. Yen},
    journal = physrev,
    year    = {1991},
    volume  = {C44},
    pages   = {2430}
}


@book{Qu88a,
    author  = {E. N. M. Quint},
    title   = proefschrift,
    year    = {1988},
    publisher = {NIKHEF},
    address = {Amsterdam}
}


@article{RBP94,
    author  = {M. Radici and S. Boffi and S. C. Pieper and V. R. Pandharipande},
    journal = physrev,
    year    = {1994},
    volume  = {C50},
    pages   = {3010}
}


@article{RGP67,
    author  = {R. Raj and Y. K. Gambir and M. K. Pal},
    journal = physrev,
    year    = {1967},
    volume  = {163},
    pages   = {1004}
}


@article{RPD89,
    author  = {A. Ramos and A. Polls and  W.H. Dickhoff},
    journal = nup,
    year    = {1989},
    volume  = {A503},
    pages   = {1}
}


@article{RSY90,
    author  = {K. J Raywood and B. M. Spicer and S. Yen and S. A. Long and 
     M. A. Moinester and R. Abegg and W. P. Alford and A. Celler and 
     T. E. Drake and D. Frekers and P. E. Green and O. H{\"a}usser and 
     R. L. Helmer and R. S. Henderson and K. H. Hicks and K. P Jackson and 
     R. G. Jeppesen and J. D. King and N. S. P. King and C. A. Miller and 
     V. C. Officer and R. Schubank and G. G. Shute and M. Vetterli and 
     J. Watson and A. I. Yavin},
    journal = physrev,
    year    = {1990},
    volume  = {C41},
    pages   = {2836}
}


@article{Re68,
    author  = {P. V. Reid},
    journal = {Ann. Phys. (New York)},
    year    = {1968},
    volume  = {50},
    pages   = {411}
}


@book{Rij93,
    author  = {G. A. Rijsdijk},
    title   = proefschrift,
    year    = {1993},
    publisher = {Vrije universiteit},
    address = {Amsterdam}
}


@article{RAD92,
    author  = {G. A. Rijsdijk and K.  Allaart and W. H. Dickhoff},
    journal = nup,
    year    = {1992},
    volume  = {A550},
    pages   = {159}
}


@article{RGAD95,
    author  = {G. A. Rijsdijk and W. J. W. Geurts and  K. Allaart and W. H. Dickhoff},
    journal = physrev,
    year    = {1996},
    volume  = {C53},
    remark  = {to be published}
}


@article{RGBA93,
    author  = {G. A. Rijsdijk and W. J. W. Geurts and M. G. E. Brand and K. Allaart and W. H. Dickhoff},
    journal = physrev,
    year    = {1993},
    volume  = {C48},
    pages   = {1752},
    remark  = {to be published}
}


@article{RS74,
    author  = {P. Ring and P. Schuck},
    journal = {Z. Phys.},
    year    = {1974},
    volume  = {269},
    pages   = {323}
}


@book{RS80,
    author  = {P. Ring and P. Schuck},
    title   = {The nuclear many-body problem},
    year    = {1980},
    publisher = {Springer-Verlag},
    address = {New-York}
}


@article{Ro68a,
    author  = {D. J. Rowe},
    journal = revmodphys,
    year    = {1968},
    volume  = {40},
    pages   = {153}
}


@article{Ro68b,
    author  = {D. J. Rowe},
    journal = physrev,
    year    = {1968},
    volume  = {175},
    pages   = {1283}
}


@article{Ry94,
    author  = {J. Ryckebusch},
    journal = nup,
    year    = {1994},
    volume  = {A568},
    pages   = {828}
}


@article{Saw62,
    author  = {J. Sawicki},
    journal = physrev,
    year    = {1962},
    volume  = {126},
    pages   = {2231}
}


@article{Sch71,
    author  = {P. Schuck},
    journal = {Z. Phys.},
    year    = {1971},
    volume  = {241},
    pages   = {395}
}


@article{SVR73,
    author  = {P. Schuck and F. Villars and P. Ring},
    journal = nup,
    year    = {1973},
    volume  = {A208},
    pages   = {302}
}


@article{SW91,
    author  = {I. Sick and P. K. A. de Witt-Huberts},
    journal = {Comm. Nucl. Part. Phys},
    year    = {1991},
    volume  = {20},
    pages   = {177}
}


@article{SSBW80,
    author  = {G. G. Simon and C. Schmitt and F. Borkowski and V. H. Walther},
    journal = nup,
    year    = {1980},
    volume  = {A333},
    pages   = {381}
}


@article{SW87,
    author  = {R. D. Smith and J. Wambach},
    journal = physrev,
    year    = {1987},
    volume  = {C36},
    pages   = {2704}
}


@article{SG72,
    author  = {M. Sotona and M. Gmitro},
    journal = {Comp. Phys. Comm.},
    year    = {1972},
    volume  = {3},
    pages   = {53-60}
}


@article{Ste91,
    author  = {G. van der Steenhoven},
    journal = nup,
    year    = {1991},
    volume  = {A527},
    pages   = {17c}
}


@article{SBJ88,
    author  = {G. van der Steenhoven and H. P. Blok and E. Jans and M. de Jong and L. Lapik\'as and E. N. M. Quint and P. K. A. de Witt-Huberts},
    journal = nup,
    year    = {1988},
    volume  = {A480},
    pages   = {547}
}


@article{Str88,
    author  = {G. Strinati},
    journal = {Riv.\ del Nuovo Cimento},
    year    = {1988},
    volume  = {11},
    pages   = {1}
}


@article{SOE94,
    author  = {K. Suzuki and R. Okamoto and P. J. Ellis and T. T. S. Kuo},
    journal = nup,
    year    = {1994},
    volume  = {A567},
    pages   = {576}
}


@article{TSA88a,
    author  = {K. Takayanagi and K. Shimizu and A. Arima},
    journal = nup,
    year    = {1988},
    volume  = {A477},
    pages   = {205}
}


@article{TSA88b,
    author  = {K. Takayanagi and K. Shimizu and A. Arima},
    journal = nup,
    year    = {1988},
    volume  = {A481},
    pages   = {313}
}


@article{Ta52,
    author  = {I. Talmi},
    journal = {Helv. Phys. Acta},
    year    = {1952},
    volume  = {25},
    pages   = {185}
}


@book{Ta92,
    author  = {I. Talmi},
    title   = {Simple models of complex nuclei},
    year    = {1992},
    publisher = {Harwood Ac. Publ.}
}


@article{TFM74,
    author  = {R. K. Tripathi and A. Faessler and H. M\"uther},
    journal = physrev,
    year    = {1974},
    volume  = {C10},
    pages   = {771}
}


@article{VDP93,
    author  = {B. E. Vonderfecht and W. H. Dickhoff and A. Polls and A. Ramos},
    journal = nup,
    year    = {1993},
    volume  = {A555},
    pages   = {1}
}


@article{VDR91,
    author  = {B. E. Vonderfecht and W. H. Dickhoff and A. Ramos and A. Polls},
    journal = physrev,
    year    = {1991},
    volume  = {C44},
    pages   = {R1265}
}


@article{WPA86,
    author  = {J. W. Watson and P. J. Pella and B. D. Anderson and A. R. Baldwin 
     and T. Chittrakarn and B. S. Flanders and R. Madey and C. C. Foster and
     I. J. van Heerden},
    journal = physlett,
    year    = {1986},
    volume  = {B181},
    pages   = {47}
}


@article{WSB87,
    author  = {S. Y. van der Werf and J. M. Schippers and N. Blasi and 
     G. T. Emery and M. N. Harakeh and C. W. de Jager and M. Waroquier},
    journal = physrev,
    year    = {1987},
    volume  = {C36},
    pages   = {1796}
}


@article{Wi72,
    author  = {J. Winter},
    journal = nup,
    year    = {1972},
    volume  = {A194},
    pages   = {535}
}


@article{Wi90,
    author  = {P. K. A. de Witt-Huberts},
    journal = {J. Phys. G},
    year    = {1990},
    volume  = {16}
}


@article{WiH90,
    author  = {P. K. A. de Witt-Huberts},
    journal = {J. Phys.},
    year    = {1990},
    volume  = {G 16},
    pages   = {507}
}


@article{YDG83,
    author  = {C. Yannouleas and M. Dworzecka and J. J. Griffin},
    journal = nup,
    year    = {1983},
    volume  = {A397},
    pages   = {239}
}


@article{YSM88,
    author  = {S. Yen and B. M. Spicer and M. A. Moinester and K. J Raywood and
     R. Abegg and W. P. Alford and A. Celler and T. E. Drake and D. Frekers 
     and O. H{\"a}usser and R. L. Helmer and R. S. Henderson and K. H. Hicks 
     and K. P. Jackson and R. G. Jeppesen and J. D. King and N. S. P. King and 
     K. Lin and S. A. Long and C. A. Miller and V. C. Officer and R. Schubank 
     and G. G. Shute and M. Vetterli and A. I. Yavin},
    journal = physlett,
    year    = {1988},
    volume  = {B206},
    pages   = {597}
}


@book{Yu94,
    author  = {J. Yuan},
    title   = proefschrift,
    year    = {1994},
    publisher = {Washington University},
    address = {St.~Louis}
}


@book{DeT63,
    author  = {A. {de-Shalit} and I. Talmi},
    title   = {Nuclear Shell Theory},
    year    = {1963},
    publisher = {Academic press},
    address = {New York/London}
}


@book{dSF74,
    author  = {A. {de Shalit} and H. Feshbach},
    title   = {Theoretical Nuclear Physics},
    year    = {1974},
    publisher = {John Wiley},
    address = {New York}
}


@article{KBB89,
    author  = {G. J. Kramer~{\em et al.}},
    journal = physlett,
    year    = {1989},
    volume  = {B227},
    pages   = {199}
}


@article{DKS86,
    author  = {S. Dro\.zd\.z and V. Klemt and J. Speth and J. Wambach},
    journal = physlett,
    year    = {1986},
    volume  = {B166},
    pages   = {18}
}


@article{DNS90,
    author  = {S. Dro\.zd\.z and S. Nishizaki and J. Speth and J. Wambach},
    journal = physrep,
    year    = {1990},
    volume  = {197},
    pages   = {1}
}

